<?xml version="1.0" encoding="UTF-8"?><record xmlns="http://www.loc.gov/MARC21/slim" xmlns:cinclude="http://apache.org/cocoon/include/1.0" xmlns:zs="http://www.loc.gov/zing/srw/">
  <leader>00364nz  a2200133n  4500</leader>
  <controlfield tag="001">no2004064374</controlfield>
  <controlfield tag="003">DLC</controlfield>
  <controlfield tag="005">20040708052005.0</controlfield>
  <controlfield tag="008">040707n| acannaabn          |n aaa     c</controlfield>
  <datafield tag="010" ind1=" " ind2=" ">
    <subfield code="a">no2004064374</subfield>
  </datafield>
  <datafield tag="035" ind1=" " ind2=" ">
    <subfield code="a">(OCoLC)oca06386908</subfield>
  </datafield>
  <datafield tag="040" ind1=" " ind2=" ">
    <subfield code="a">CU-RivAV</subfield>
    <subfield code="b">eng</subfield>
    <subfield code="c">CU-RivAV</subfield>
  </datafield>
  <datafield tag="100" ind1="1" ind2=" ">
    <subfield code="a">Sardinias, Ivan</subfield>
  </datafield>
  <datafield tag="670" ind1=" " ind2=" ">
    <subfield code="a">Salsa in Japan, c2002:</subfield>
    <subfield code="b">credits (commentary by Ivan Sardinias)</subfield>
  </datafield>
</record>